% This file was created with Citavi 5.7.1.0

@book{Basdevant.2005,
 author = {Basdevant, J. L. and Rich, James and Spiro, Michel},
 year = {2005},
 title = {Fundamentals in nuclear physics: From nuclear structure to cosmology},
 keywords = {Nuclear physics},
 address = {New York},
 publisher = {{Springer}},
 isbn = {0-387-01672-4}
}

@BOOK{International_Atomic_Energy_Agency2013-bq,
  title     = "Measurement and calculation of radon releases from {NORM}
               residues",
  author    = "{International Atomic Energy Agency}",
  publisher = "IAEA",
  series    = "Technical reports series",
  month     =  jun,
  year      =  2013,
  address   = "Vienna, Austria"
}

@book{Cottingham.2001,
 year = {2001},
 title = {An introduction to nuclear physics},
 keywords = {Nuclear physics;Physique nucl{\'e}aire},
 address = {Cambridge and New York},
 edition = {2nd ed.},
 publisher = {{Cambridge University Press}},
 isbn = {0-511-04046-6}
}


@book{Das.2009,
 author = {Das, Ashok and Ferbel, Thomas},
 year = {2009},
 title = {Introduction to nuclear and particle physics},
 keywords = {Nuclear physics;Particles (Nuclear physics)},
 address = {New Jersey},
 edition = {2da.},
 publisher = {{World Scientific}},
 isbn = {981-238-744-7}
}


@book{Eidemuller.2021,
 author = {Eidem{\"u}ller, Dirk},
 year = {2021},
 title = {Nuclear Power Explained},
 keywords = {atoomfysica;fysica;kernenergie;Nuclear chemistry;Nuclear energy;Nuclear physics;Physics;ruimte (astronomie);Space research;stralingschemie},
 address = {Cham},
 publisher = {{Springer International Publishing}},
 isbn = {978-3-030-72669-0}
}


@article{Guo.2016,
 author = {Guo, Huiping and Tian, Chenyang and Wang, Xiaotian and Lv, Ning and Ma, Meng and Wei, Yingguang},
 year = {2016},
 title = {Decay Chain Deduction of Uranium Fission Products},
 keywords = {Algorithms;Half-Life;Materials Testing/methods;Nuclear Fission;Radiometry/methods;Reproducibility of Results;Sensitivity and Specificity;Software;Uranium/analysis/chemistry/radiation effects},
 pages = {17--21},
 volume = {111},
 number = {1},
 journal = {Health physics},
 doi = {10.1097/HP.0000000000000521}
}

@incollection{HUBENER2003211,
title = {Actinide Elements},
editor = {Robert A. Meyers},
booktitle = {Encyclopedia of Physical Science and Technology (Third Edition)},
publisher = {Academic Press},
edition = {Third Edition},
address = {New York},
pages = {211-236},
year = {2003},
isbn = {978-0-12-227410-7},
doi = {https://doi.org/10.1016/B0-12-227410-5/00011-9},
url = {https://www.sciencedirect.com/science/article/pii/B0122274105000119},
author = {Siegfried Hübener}
}

@article{Flanagan1954,
  doi = {10.1021/ac60094a018},
  url = {https://doi.org/10.1021/ac60094a018},
  year = {1954},
  month = oct,
  publisher = {American Chemical Society ({ACS})},
  volume = {26},
  number = {10},
  pages = {1595--1600},
  author = {F. J. Flanagan and F. E. Senftle},
  title = {Tables for Evaluating Bateman Equation Coefficients for Radioactivity Calculations},
  journal = {Analytical Chemistry}
}

@book{Koizumi.2021,
 author = {Koizumi, Yasuo and Okawa, Tomio and Mori, Shoji},
 year = {2021},
 title = {Fundamentals of thermal and nuclear power generation},
 keywords = {Centrales nucl{\'e}aires;{\'E}nergie nucl{\'e}aire;Heat engineering;Nuclear energy;nuclear power;Nuclear power plants;Thermique},
 address = {Amsterdam},
 publisher = {{Elsevier}},
 isbn = {978-0-12-820733-8},
 series = {JSME series in thermal and nuclear power generation}
}


@book{Krane.1987,
 author = {Krane, Kenneth S. and Halliday, David},
 year = {1987},
 title = {Introductory nuclear physics},
 keywords = {Nuclear physics},
 address = {New York},
 edition = {3ra.},
 publisher = {{Wiley}},
 isbn = {978-0471805533}
}


@article{Loch.2013,
 author = {Loch, Guilherme G. and Hiromoto, Goro and Rodr{\'i}guez Jr., Orlando and Bevilacqua, Joyce S.},
 year = {2013},
 title = {Analysis of numerical solutions for Bateman equations},
 url = {\verb|https://inis.iaea.org/collection/NCLCollectionStore/_Public/45/046/45046459.pdf|},
 journal = {Regional Congress of IRPA on radiological and nuclear safety}
}


@book{Martin.2009,
 author = {Martin, B. R.},
 year = {2009},
 title = {Nuclear and particle physics},
 keywords = {Nuclear physics;Particles (Nuclear physics);Textbooks},
 address = {Chichester U.K.},
 edition = {2da.},
 publisher = {{Wiley}},
 isbn = {978-0470742754}
}


@book{Meyers.2018,
 author = {Meyers, Robert and Tsoulfanidis, Nicholas},
 year = {2018},
 title = {Nuclear energy},
 address = {New York NY},
 edition = {2da.},
 publisher = {{Springer Berlin Heidelberg}},
 isbn = {978-1-4939-6618-9}
}


@phdthesis{MoralesBolio.1974,
 author = {{Morales Bolio}, Joaqu{\'i}n Antonio},
 year = {1974},
 title = {C{\'a}lculo de la masa cr{\'i}tica, flujo de neutrones y distribuci{\'o}n de temperaturas en el n{\'u}cleo de un reactor nuclear de potencia, PWR},
 url = {\verb|https://inis.iaea.org/collection/NCLCollectionStore/_Public/06/182/6182871.pdf|},
 address = {M{\'e}xico, D.F.},
 urldate = {08/01/2023},
 publisher = {Instituto Nacional de Energ{\'i}a Nuclear},
 school = {{Universidad Nacional Aut{\'o}noma de M{\'e}xico}},
 type = {Tesis}
}


@book{Murray.2020,
 author = {Murray, Raymond L. and Holbert, Keith E.},
 year = {2020},
 title = {Nuclear energy: An introduction to the concepts, systems, and applications of nuclear processes},
 keywords = {Nuclear energy;Nuclear engineering},
 address = {Oxford England and Cambridge MA},
 edition = {8va.},
 publisher = {Butterworth-Heinemann},
 isbn = {978-0-12-812881-7}
}


@book{Podgorsak.2016,
 author = {Podgor{\v{s}}ak, Ervin B.},
 year = {2016},
 title = {Radiation physics for medical physicists},
 address = {New York NY},
 edition = {3ra.},
 publisher = {{Springer Berlin Heidelberg}},
 isbn = {978-3-319-25380-0}
}


@article{Pratiwi.2021,
 author = {Pratiwi, Anita Puji and Prihandono, Trapsilo and Prastowo, Sri Handono Budi},
 year = {2021},
 title = {Numerical Solution of Radioactive Core Decay Activity Rate of Actinium Series Using Matrix Algebra Method},
 pages = {395--400},
 volume = {7},
 number = {3},
 journal = {Jurnal Penelitian Pendidikan IPA},
 doi = {10.29303/jppipa.v7i3.716}
}


@book{Sanctis.2016,
 author = {de Sanctis, Enzo and Monti, Stefano and Ripani, Marco},
 year = {2016},
 title = {Energy from nuclear fission: An introduction},
 address = {New York NY},
 publisher = {{Springer Berlin Heidelberg}},
 isbn = {978-3-319-30649-0}
}


@book{Serrano.2020,
 author = {Serrano, E. Fernando},
 year = {2020},
 title = {Manual de introducci{\'o}n a la simulaci{\'o}n num{\'e}rica con GNU Octave},
 edition = {2da.},
 institution = {{Instituto de Investigaci{\'o}n en Energ{\'i}a}}
}


